<?xml version="1.0" encoding="UTF-8"?><record xmlns="http://www.loc.gov/MARC21/slim" xmlns:cinclude="http://apache.org/cocoon/include/1.0" xmlns:zs="http://www.loc.gov/zing/srw/">
  <leader>00464cz  a2200145n  4500</leader>
  <controlfield tag="001">n  91104002 </controlfield>
  <controlfield tag="003">DLC</controlfield>
  <controlfield tag="005">20000719065028.0</controlfield>
  <controlfield tag="008">911011n| acannaabn          |a aaa      </controlfield>
  <datafield tag="010" ind1=" " ind2=" ">
    <subfield code="a">n  91104002 </subfield>
  </datafield>
  <datafield tag="035" ind1=" " ind2=" ">
    <subfield code="a">(OCoLC)oca03039316</subfield>
  </datafield>
  <datafield tag="040" ind1=" " ind2=" ">
    <subfield code="a">DLC</subfield>
    <subfield code="b">eng</subfield>
    <subfield code="c">DLC</subfield>
    <subfield code="d">DLC</subfield>
    <subfield code="d">OCoLC</subfield>
  </datafield>
  <datafield tag="100" ind1="1" ind2=" ">
    <subfield code="a">Hoyos Lemus, Félix</subfield>
  </datafield>
  <datafield tag="400" ind1="1" ind2=" ">
    <subfield code="a">Lemus, Félix Hoyos</subfield>
  </datafield>
  <datafield tag="670" ind1=" " ind2=" ">
    <subfield code="a">His La Corte Internacional de La Haya ... 1991:</subfield>
    <subfield code="b">t.p. (Félix Hoyos Lemus; profesor Universidad Nacional de Colombia)</subfield>
  </datafield>
</record>